{
  "leader": "04518cam a2200541Ia 4500",
  "fields": [
    {
      "001": "ocm78773429\\"
    },
    {
      "003": "OCoLC"
    },
    {
      "005": "20220629091033.0"
    },
    {
      "008": "061124s2007\\\\\\\\nyua\\\\\\\\\\b\\\\\\\\001\\0\\eng\\\\"
    },
    {
      "010": {
        "ind1": "\\",
        "ind2": "\\",
        "subfields": [
          {
            "a": "  2006051878"
          }
        ]
      }
    },
    {
      "040": {
        "ind1": "\\",
        "ind2": "\\",
        "subfields": [
          {
            "a": "DLC"
          },
          {
            "b": "eng"
          },
          {
            "c": "DLC"
          },
          {
            "d": "BAKER"
          },
          {
            "d": "BTCTA"
          },
          {
            "d": "JED"
          },
          {
            "d": "WIQ"
          },
          {
            "d": "BUR"
          },
          {
            "d": "C#P"
          },
          {
            "d": "YDXCP"
          },
          {
            "d": "XL4"
          },
          {
            "d": "IAK"
          },
          {
            "d": "VP@"
          },
          {
            "d": "OCLCG"
          },
          {
            "d": "SMP"
          },
          {
            "d": "CQU"
          },
          {
            "d": "IAD"
          },
          {
            "d": "OCLCF"
          },
          {
            "d": "OCLCO"
          },
          {
            "d": "Z86"
          },
          {
            "d": "OCLCQ"
          },
          {
            "d": "AL5PX"
          },
          {
            "d": "SFR"
          },
          {
            "d": "BYV"
          },
          {
            "d": "OCLCQ"
          },
          {
            "d": "TYC"
          },
          {
            "d": "OCLCO"
          },
          {
            "d": "OCLCQ"
          },
          {
            "d": "KG7"
          },
          {
            "d": "JHWCP"
          },
          {
            "d": "OCLCQ"
          },
          {
            "d": "OCLCO"
          },
          {
            "d": "OCLCQ"
          },
          {
            "d": "IL4J6"
          },
          {
            "d": "OCLCO"
          }
        ]
      }
    },
    {
      "019": {
        "ind1": "\\",
        "ind2": "\\",
        "subfields": [
          {
            "a": "221862481"
          },
          {
            "a": "779730021"
          },
          {
            "a": "1004939699"
          },
          {
            "a": "1022667388"
          },
          {
            "a": "1102234742"
          }
        ]
      }
    },
    {
      "020": {
        "ind1": "\\",
        "ind2": "\\",
        "subfields": [
          {
            "a": "9781400065301"
          },
          {
            "q": "(hardcover ;"
          },
          {
            "q": "alk. paper)"
          }
        ]
      }
    },
    {
      "020": {
        "ind1": "\\",
        "ind2": "\\",
        "subfields": [
          {
            "a": "1400065305"
          },
          {
            "q": "(hardcover ;"
          },
          {
            "q": "alk. paper)"
          }
        ]
      }
    },
    {
      "020": {
        "ind1": "\\",
        "ind2": "\\",
        "subfields": [
          {
            "a": "9780812975994"
          }
        ]
      }
    },
    {
      "020": {
        "ind1": "\\",
        "ind2": "\\",
        "subfields": [
          {
            "a": "0812975995"
          }
        ]
      }
    },
    {
      "020": {
        "ind1": "\\",
        "ind2": "\\",
        "subfields": [
          {
            "a": "9780739491850"
          }
        ]
      }
    },
    {
      "020": {
        "ind1": "\\",
        "ind2": "\\",
        "subfields": [
          {
            "a": "0739491857"
          }
        ]
      }
    },
    {
      "035": {
        "ind1": "\\",
        "ind2": "\\",
        "subfields": [
          {
            "a": "(OCoLC)78773429"
          },
          {
            "z": "(OCoLC)221862481"
          },
          {
            "z": "(OCoLC)779730021"
          },
          {
            "z": "(OCoLC)1004939699"
          },
          {
            "z": "(OCoLC)1022667388"
          },
          {
            "z": "(OCoLC)1102234742"
          }
        ]
      }
    },
    {
      "043": {
        "ind1": "\\",
        "ind2": "\\",
        "subfields": [
          {
            "a": "n-us-il"
          }
        ]
      }
    },
    {
      "050": {
        "ind1": "0",
        "ind2": "0",
        "subfields": [
          {
            "a": "HQ146.C4"
          },
          {
            "b": "A23 2007"
          }
        ]
      }
    },
    {
      "082": {
        "ind1": "0",
        "ind2": "0",
        "subfields": [
          {
            "a": "306.74097731109041"
          },
          {
            "b": "ABB"
          }
        ]
      }
    },
    {
      "100": {
        "ind1": "1",
        "ind2": "\\",
        "subfields": [
          {
            "a": "Abbott, Karen,"
          },
          {
            "d": "1973-"
          }
        ]
      }
    },
    {
      "245": {
        "ind1": "1",
        "ind2": "0",
        "subfields": [
          {
            "a": "Sin in the Second City :"
          },
          {
            "b": "madams, ministers, playboys, and the battle for America's soul /"
          },
          {
            "c": "Karen Abbott."
          }
        ]
      }
    },
    {
      "250": {
        "ind1": "\\",
        "ind2": "\\",
        "subfields": [
          {
            "a": "1st ed."
          }
        ]
      }
    },
    {
      "260": {
        "ind1": "\\",
        "ind2": "\\",
        "subfields": [
          {
            "a": "New York :"
          },
          {
            "b": "Random House,"
          },
          {
            "c": "2007."
          }
        ]
      }
    },
    {
      "300": {
        "ind1": "\\",
        "ind2": "\\",
        "subfields": [
          {
            "a": "xxiv, 356 pages :"
          },
          {
            "b": "illustrations ;"
          },
          {
            "c": "24 cm"
          }
        ]
      }
    },
    {
      "336": {
        "ind1": "\\",
        "ind2": "\\",
        "subfields": [
          {
            "a": "text"
          },
          {
            "b": "txt"
          },
          {
            "2": "rdacontent"
          }
        ]
      }
    },
    {
      "337": {
        "ind1": "\\",
        "ind2": "\\",
        "subfields": [
          {
            "a": "unmediated"
          },
          {
            "b": "n"
          },
          {
            "2": "rdamedia"
          }
        ]
      }
    },
    {
      "338": {
        "ind1": "\\",
        "ind2": "\\",
        "subfields": [
          {
            "a": "volume"
          },
          {
            "b": "nc"
          },
          {
            "2": "rdacarrier"
          }
        ]
      }
    },
    {
      "504": {
        "ind1": "\\",
        "ind2": "\\",
        "subfields": [
          {
            "a": "Includes bibliographical references (pages 331-339) and index."
          }
        ]
      }
    },
    {
      "505": {
        "ind1": "0",
        "ind2": "\\",
        "subfields": [
          {
            "a": "Author's note: The girls who disappeared -- Cast of characters -- Prologue: Angels of the line -- pt. 1. The scarlet sisters Everleigh. Striped skunk and wild onions ; Another Uncle Tom's cabin ; Getting Everleighed ; The demon of lust lies in wait ; Lovely little lies ; The stories everyone knew ; Lords and ladies of the levee ; Great in religion, great in sin ; Knowing your Balzac ; Invocation ; Millionaire playboy shot -- accident or murder? -- pt. 2. Flesh and bone, body and soul. Midnight toil and peril ; Ultra de\u0301collete\u0301 and other evils ; The brilliant entrance to hell itself ; The tragedy of Mona Marshall ; Men and their baser mischiefs ; Dispatch from the U.S. Immigration Commission ; More immoral than heathen China ; The organizer ; It don't never get good until three in the morning ; Dispatch from the U.S. Immigration Commission ; Judgment days ; Have you a girl to spare? ; Dispatch from the U.S. Immigration Commission ; So many nice young men ; Immoral purposes, whatever those are -- pt. 3. Fighting for the protection of our girls. Millionaire playboy dead -- morphine or madam? ; Girls gone wrong ; A lost soul ; The social evil in Chicago ; Painted, peroxided, bedizened ; You get everything in a lifetime ; Dangerous elements ; Just how wicked ; Fallen is Babylon ; Little lost sister."
          }
        ]
      }
    },
    {
      "520": {
        "ind1": "\\",
        "ind2": "\\",
        "subfields": [
          {
            "a": "A vivid snapshot of America's journey from Victorian-era propriety to 20th-century modernity. Step into the perfumed parlors of the Everleigh Club, the most famous brothel in American history--and the catalyst for a culture war that rocked the nation. Operating in Chicago at the dawn of the 20th century, the Club welcomed moguls and actors, senators and athletes, foreign dignitaries and literary icons into a stately double mansion, and the Everleigh sisters treated their girls far better than most madams. But not everyone appreciated their attempts to elevate the industry. Their most daunting foes were the Progressive Era reformers, who sent the country into a frenzy with lurid tales of \"white slavery\"--The allegedly rampant practice of kidnapping young girls and forcing them into brothels. This furor shaped America's sexual culture and had repercussions all the way to the White House, including the formation of the FBI.--From publisher description."
          }
        ]
      }
    },
    {
      "610": {
        "ind1": "2",
        "ind2": "0",
        "subfields": [
          {
            "a": "Everleigh Club."
          }
        ]
      }
    },
    {
      "600": {
        "ind1": "1",
        "ind2": "0",
        "subfields": [
          {
            "a": "Everleigh, Ada."
          }
        ]
      }
    },
    {
      "600": {
        "ind1": "1",
        "ind2": "0",
        "subfields": [
          {
            "a": "Everleigh, Minna."
          }
        ]
      }
    },
    {
      "650": {
        "ind1": "\\",
        "ind2": "0",
        "subfields": [
          {
            "a": "Prostitution"
          },
          {
            "z": "Illinois"
          },
          {
            "z": "Chicago."
          }
        ]
      }
    },
    {
      "650": {
        "ind1": "\\",
        "ind2": "0",
        "subfields": [
          {
            "a": "Brothels"
          },
          {
            "z": "Illinois"
          },
          {
            "z": "Chicago."
          }
        ]
      }
    },
    {
      "600": {
        "ind1": "1",
        "ind2": "7",
        "subfields": [
          {
            "a": "Everleigh, Ada."
          },
          {
            "2": "fast"
          },
          {
            "0": "(OCoLC)fst01661190"
          }
        ]
      }
    },
    {
      "600": {
        "ind1": "1",
        "ind2": "7",
        "subfields": [
          {
            "a": "Everleigh, Minna."
          },
          {
            "2": "fast"
          },
          {
            "0": "(OCoLC)fst01661191"
          }
        ]
      }
    },
    {
      "610": {
        "ind1": "2",
        "ind2": "7",
        "subfields": [
          {
            "a": "Everleigh Club."
          },
          {
            "2": "fast"
          },
          {
            "0": "(OCoLC)fst01661075"
          }
        ]
      }
    },
    {
      "650": {
        "ind1": "\\",
        "ind2": "7",
        "subfields": [
          {
            "a": "Brothels."
          },
          {
            "2": "fast"
          },
          {
            "0": "(OCoLC)fst01765181"
          }
        ]
      }
    },
    {
      "650": {
        "ind1": "\\",
        "ind2": "7",
        "subfields": [
          {
            "a": "Prostitution."
          },
          {
            "2": "fast"
          },
          {
            "0": "(OCoLC)fst01079562"
          }
        ]
      }
    },
    {
      "651": {
        "ind1": "\\",
        "ind2": "7",
        "subfields": [
          {
            "a": "Illinois"
          },
          {
            "z": "Chicago."
          },
          {
            "2": "fast"
          },
          {
            "0": "(OCoLC)fst01204048"
          }
        ]
      }
    },
    {
      "776": {
        "ind1": "0",
        "ind2": "8",
        "subfields": [
          {
            "i": "Online version:"
          },
          {
            "a": "Abbott, Karen, 1973-"
          },
          {
            "t": "Sin in the Second City."
          },
          {
            "b": "1st ed."
          },
          {
            "d": "New York : Random House, 2007"
          },
          {
            "w": "(OCoLC)647084190"
          }
        ]
      }
    },
    {
      "994": {
        "ind1": "\\",
        "ind2": "\\",
        "subfields": [
          {
            "a": "Z0"
          },
          {
            "b": "NYRVC"
          }
        ]
      }
    },
    {
      "948": {
        "ind1": "\\",
        "ind2": "\\",
        "subfields": [
          {
            "h": "NO HOLDINGS IN NYRVC - 1192 OTHER HOLDINGS"
          }
        ]
      }
    },
    {
      "999": {
        "ind1": "\\",
        "ind2": "\\",
        "subfields": [
          {
            "a": "00000000013246"
          }
        ]
      }
    }
  ]
}